<?xml version="1.0" encoding="UTF-8"?><collection xmlns="http://www.loc.gov/MARC21/slim"><record><leader>00462nam--2200193-i-4500</leader><controlfield tag="001">000039326</controlfield><controlfield tag="002">20161230</controlfield><controlfield tag="005">20161230201042</controlfield><controlfield tag="008">060222s1000------------r-----000-0-rum-d</controlfield><datafield ind1=" " ind2=" " tag="040"><subfield code="a">IFIN-HH</subfield></datafield><datafield ind1=" " ind2=" " tag="041"><subfield code="a">rum</subfield></datafield><datafield ind1=" " ind2=" " tag="080"><subfield code="a">519.66</subfield></datafield><datafield ind1="1" ind2=" " tag="100"><subfield code="a">Rogai,E</subfield></datafield><datafield ind1="1" ind2="0" tag="245"><subfield code="a">Tabele si formule matematice</subfield><subfield code="c">E. Rogai</subfield></datafield><datafield ind1=" " ind2=" " tag="260"><subfield code="a">Bucuresti, Ed.Tehnica, 1983</subfield></datafield><datafield ind1=" " ind2=" " tag="300"><subfield code="a">432p</subfield></datafield><datafield ind1=" " ind2=" " tag="650"><subfield code="a">formule matematice</subfield></datafield><datafield ind1=" " ind2=" " tag="852"><subfield code="a">71306</subfield><subfield code="c">518.2</subfield></datafield><datafield ind1=" " ind2=" " tag="CAT"><subfield code="a">Sys</subfield><subfield code="c">20100512</subfield><subfield code="h">095328</subfield></datafield></record></collection>